@article{CM_practical_wind_turbine,
    title={Practical aspects of a condition monitoring system for a wind turbine with emphasis on its design, system architecture, testing and installation},
    volume={35},
    DOI={10.1016/j.renene.2009.10.031},
    number={5}, journal={Renewable Energy},
    author={Hameed, Z. and Ahn, S.h. and Cho, Y.m.},
    year={2010}, pages={879–894}}
    
@book{CM_randall,
    title={Vibration-based Condition Monitoring: Industrial, Automotive and Aerospace}, publisher={John Wiley \& Sons}, author={Randall, Robert Bond.}, year={2011}}
    
@article{CBM_distributed, 
    title={Distributed embedded condition monitoring systems based on OSA-CBM standard}, volume={35}, DOI={10.1016/j.csi.2012.10.002}, number={2}, journal={Computer Standards \& Interfaces}, author={Sreenuch, T. and Tsourdos, A. and Jennions, I.k.}, year={2013}, pages={238–246}}
    
@article{CBM_survey, 
    title={Survey of commercially available condition monitoring systems for wind turbines}, url={http://dro.dur.ac.uk/12497/1/12497.pdf?DDD10 ttsd23 dul4eg}, journal={Technical Report,Durham University School of Engineering and Computing Sciences and the SUPERGEN Wind Energy Technologies Consortium}, author={Crabtree and Zappala,}, year={2014}}

@article{CBM_overview,
    title={A review on machinery diagnostics and prognostics implementing condition-based maintenance},
    volume={20},
    DOI={10.1016/j.ymssp.2005.09.012},
    number={7},
    journal={Mechanical Systems and Signal Processing},
    author={Jardine, Andrew K.S. and Lin, Daming and Banjevic, Dragan},
    year={2006},
    pages={1483-1510}
    }
    
@article{CBM_time_prevent, 
    title={An overview of time-based and condition-based maintenance in industrial application}, volume={63}, DOI={10.1016/j.cie.2012.02.002}, number={1}, journal={Computers \& Industrial Engineering}, author={Ahmad, Rosmaini and Kamaruddin, Shahrul}, year={2012}, pages={135–149}}
    
@article{COPM,
    title={Cost of poor maintenance}, volume={17}, DOI={10.1108/13552511111116259}, number={1}, journal={Journal of Quality in Maintenance Engineering}, author={Salonen, Antti and Deleryd, Mats}, year={2011}, pages={63–73}}

@article{CBM_lifetime,
    title={New Approaches to Through-Life Asset Management in the Maritime Industry}, DOI={10.1007/978-3-319-12111-6_24}, journal={Through-life Engineering Services Decision Engineering}, author={Norden, Christian and Hribernik, Karl and Ghrairi, Zied and Fuggini, Clemente}, year={2014}, pages={423–438}}

@techreport{ISO17359,
    author = {ISO},
    type = {Standard},
    key = {ISO 17359:2018(E)},
    year = {2018},
    title = {{Condition monitoring and diagnostics of machines - General guidelines}},
    volume = {2018},
    address = {Geneva, CH},
    institution = {International Organization for Standardization}
    }

@article{CBM_shipping_opportunity,
    title={Management aspects on Condition Based Maintenance – the new opportunity for maritime industry}, url={https://pdfs.semanticscholar.org/c515/9952c1eef58cfe947b4c5856fcc7aeaabbd5.pdf}, journal={Paper presented at the 9TH International Conference on Marine Engineering Systems at the Helsinki University of Technology}, author={Sundberg, Anders}, year={2003}, month={May}}

@article{CBM_norway_bd,
    title={Big data and industrial Internet of Things for the maritime industry in Northwestern Norway}, DOI={10.1109/tencon.2015.7372918}, journal={TENCON 2015 - 2015 IEEE Region 10 Conference}, author={Wang, Hao and Osen, Ottar L. and Li, Guoyuan and Li, Wei and Dai, Hong-Ning and Zeng, Wei}, year={2015}}

@book{RCM,
    place={Springfield - Va}, title={Reliability-centered maintenance}, author={Nowlan, F. S. and Heap, H. F.}, year={1978}, publisher={Dolby Access Press}}
    
@TECHREPORT{CBM_beyond_maritime,
  AUTHOR =        {K. Knutsen, G. Manno and B. Vartdal},
  TITLE =         {White paper: Beyond Condition Monitoring in the Maritime Industry},
  INSTITUTION =   {DNV GL},
  MONTH =         {January},
  YEAR  =         {2014},
  URL   =         {https://www.dnvgl.com/news/dnv-gl-beyond-condition-monitoring-in-the-maritime-industry-7685},
  CONTACT =       {knut.erik.knutsen@dnvgl.com}
}

@article{CBM_maritime_ann,
    title={Predicting ship machinery system condition through analytical reliability tools and artificial neural networks}, volume={152}, DOI={10.1016/j.oceaneng.2017.11.017}, journal={Ocean Engineering}, author={Lazakis, I. and Raptodimos, Y. and Varelas, T.}, year={2018}, pages={404–415}}

@book{Maritime_Stopford,
    place={London}, title={Maritime economics}, publisher={Routledge}, author={Stopford, Martin}, year={2010}}

@TECHREPORT{CBM_lr,
  AUTHOR =        {Lloyd's Register},
  TITLE =         {Annexes to Machinery Planned Maintenance and Condition Monitoring},
  MONTH =         {May},
  YEAR  =         {2017},
  URL   =         {https://www.cdlive.lr.org/information/documents/ShipRight/Linked\%20Supporting\%20Services/Machinery\%20Planned\%20Maintenance\%20and\%20CM/Machinery\%20Planned\%20Maintenance\%20and\%20Condition\%20Monitoring,\%20Annexes\%20May\%202017.pdf},
  INSTITUTION={Lloyd's Register}
}

@conference{CBM_wind_signal,
  author = {K Esmaeili Mainauthor, M Zuercher, L Wang, T Harvey, W Holweger, N White, E Schlücker}, 
  title        = {Advanced signal processing techniques for wind turbine gearbox bearing failure detection},
  booktitle    = {First World Congress on Condition Monitoring 2017: Condition monitoring (CM) methods and technologies},
  year         = 2017,
  address      = {London, United Kingdom},
}

@article{CM_dai_gao_2013, 
    title={From Model, Signal to Knowledge: A Data-Driven Perspective of Fault Detection and Diagnosis}, volume={9}, DOI={10.1109/tii.2013.2243743}, number={4}, journal={IEEE Transactions on Industrial Informatics}, author={Dai, Xuewu and Gao, Zhiwei}, year={2013}, pages={2226–2238}}

@article{CM_bonnardot,
    title={Enhanced Unsupervised Noise Cancellation using Angular Resampling for Planetary Bearing Fault Diagnosis}, volume={9}, DOI={10.20855/ijav.2004.9.2156}, number={2}, journal={The International Journal of Acoustics and Vibration}, author={Bonnardot, F. and Randall, R. B. and Antoni, J.}, year={2004}}

@techreport{ISO10816-7,
    author = {ISO},
    type = {Standard},
    key = {ISO 10816-7:2009(E)},
    year = {2009},
    title = {Mechanical vibration - Evaluation of machine vibration by measurements on non-rotating parts},
    volume = {2009},
    address = {Geneva, CH},
    institution = {International Organization for Standardization}
    }
    
@techreport{ISO13373-1,
    author = {ISO},
    type = {Standard},
    key = {ISO 13373-1:2001},
    year = {2009},
    title = {Conditional monitoring and diagnostics of machines - Vibration condition monitoring},
    volume = {2009},
    address = {Geneva, CH},
    institution = {International Organization for Standardization}
    }

@article{CM_hilbert,
    title={Optimisation Of Bearing Diagnostic Techniques Using Simulated And Actual Bearing Fault Signals}, volume={14}, DOI={10.1006/mssp.2000.1304}, number={5}, journal={Mechanical Systems and Signal Processing}, author={Ho, D. and Randall, R.b.}, year={2000}, pages={763–788}}

@misc{wavelet_tut,
    title={The Wavelet Tutorial - Second Edition}, url={http://web.iitd.ac.in/~sumeet/WaveletTutorial.pdf}, author={Polikar, Robi}, year={2013}, month={Aug}}

@article{CM_wavelets,
    title={Wavelet analysis of sensor signals for tool condition monitoring: A review and some new results}, volume={49}, DOI={10.1016/j.ijmachtools.2009.02.003}, number={7-8}, journal={International Journal of Machine Tools and Manufacture}, author={Zhu, Kunpeng and Wong, Yoke San and Hong, Geok Soon}, year={2009}, pages={537–553}}
    
@article{CM_waveletVsFourier,
    title={Application of Wavelet Transform and its Advantages Compared to Fourier Transform}, volume={13}, journal={Journal of Physical Sciences}, author={Sifuzzaman, M and Islam, M R and Ali, M Z}, year={2009}, pages={121–134}}

@article{CM_wavelet_ecg, 
    title={Delineation of ECG characteristic features using multiresolution wavelet analysis method}, volume={45}, DOI={10.1016/j.measurement.2011.10.025}, number={3}, journal={Measurement}, author={Banerjee, S. and Gupta, R. and Mitra, M.}, year={2012}, pages={474–487}}

@article{CM_mcsa_vib,
    title={Comparing MCSA with vibration analysis in order to detect bearing faults — A case study}, DOI={10.1109/iemdc.2015.7409240}, journal={2015 IEEE International Electric Machines \& Drives Conference (IEMDC)}, author={Corne, Bram and Vervisch, Bram and Debruyne, Colin and Knockaert, Jos and Desmet, Jan}, year={2015}}

@misc{CBM_danny, 
    title={Marine Machinery Condition Monitoring}, url={https://dannyshorten.files.wordpress.com/2012/09/marine-machinery-condition-monitoring-sunderland-2012-final.pdf}, publisher={Lloyd's Register}, author={Shorten, Daniel}, year={2012}, month={Sep}}

@techreport{ISO13373-3,
    author = {ISO},
    type = {Standard},
    key = {ISO 13373-3:2015},
    year = {2015},
    title = {Conditional monitoring and diagnostics of machines - Guidelines for vibration diagnosis},
    volume = {2015},
    address = {Geneva, CH},
    institution = {International Organization for Standardization}
    }
@techreport{ISO13373-9,
    author = {ISO},
    type = {Standard},
    key = {ISO 13373-9:2017},
    year = {2017},
    title = {Conditional monitoring and diagnostics of machines - Diagnostic techniques for electric motors},
    volume = {2017},
    address = {Geneva, CH},
    institution = {International Organization for Standardization}
    }

@techreport{ISO20958,
    author = {ISO},
    type = {Standard},
    key = {ISO 20958:2013},
    year = {2013},
    title = {Condition monitoring and diagnostics of machine systems - Electrical signature analysis of three-phase induction motors},
    volume = {2013},
    address = {Geneva, CH},
    institution = {International Organization for Standardization}
    }

@article{VIB_wireless_sensor,
    title={A Wireless Sensor System for Real-Time Monitoring and Fault Detection of Motor Arrays}, volume={17}, DOI={10.3390/s17030469}, number={3}, journal={Sensors}, author={Medina-García, Jonathan and Sánchez-Rodríguez, Trinidad and Galán, Juan and Delgado, Aránzazu and Gómez-Bravo, Fernando and Jiménez, Raúl}, year={2017}, pages={469}}

@article{VIB_distributed_bearing, 
    title={Distributed bearing fault diagnosis based on vibration analysis}, volume={66-67}, DOI={10.1016/j.ymssp.2015.06.007}, journal={Mechanical Systems and Signal Processing}, author={Dolenc, Boštjan and Boškoski, Pavle and Juričić, Dani}, year={2016}, pages={521–532}}

@article{VIB_rms,
    title={Analysing RMS and peak values of vibration signals for condition monitoring of wind turbine gearboxes}, volume={91}, DOI={10.1016/j.renene.2016.01.006}, journal={Renewable Energy}, author={Igba, Joel and Alemzadeh, Kazem and Durugbo, Christopher and Eiriksson, Egill Thor}, year={2016}, pages={90–106}}

@article{VIB_basic_bearing, 
    title={Basic vibration signal processing for bearing fault detection}, volume={46}, DOI={10.1109/te.2002.808234}, number={1}, journal={IEEE Transactions on Education}, author={Mcinerny, S.A and Dai, Y.}, year={2003}, pages={149–156}}

@article{VIB_MCSA_comb,
    title={Analysis of Combined Motor Current Signature and Vibration-Monitoring Techniques in the Study of Broken Bars in Three-Phase High-Performance Induction Motors}, volume={06}, DOI={10.4172/2332-0796.1000235}, number={03}, journal={Journal of Electrical \& Electronic Systems}, author={Gama, Ronaldo Siqueira Da and Silva, Caio Cesar Jacob and Nascimento, Carlos Eduardo Ferreira and Silva, Alexandre Messias Da and Costa, Cesar Da}, year={2017}}

@article{CM_ship_ann, 
    title={Predicting ship machinery system condition through analytical reliability tools and artificial neural networks}, volume={152}, DOI={10.1016/j.oceaneng.2017.11.017}, journal={Ocean Engineering}, author={Lazakis, I. and Raptodimos, Y. and Varelas, T.}, year={2018}, pages={404–415}}

@techreport{CM_list_wind_CMS,
    author={Crabtree, C.J. and Zappala, D. and Tavner, P.J.},
    year={2014},
    title={Survey of commercially available condition monitoring systems for wind turbines},
    journal={Technical Report},
    institution={Durham University School of Engineering and Computing Sciences and the SUPERGEN Wind Energy Technologies Consortium},
    url={http://dro.dur.ac.uk/12497/1/12497.pdf?DDD10+ttsd23+dul4eg}}

@article{MCSA_healthy_signal, 
    title={Stator line current spectrum content of a healthy cage rotor induction machine}, DOI={10.1109/demped.2011.6063610}, journal={8th IEEE Symposium on Diagnostics for Electrical Machines, Power Electronics \& Drives}, author={Joksimovic, Gojko and Riger, Jaksa and Wolbank, Thomas and Peric, Nedjeljko and Vasak, Mario}, year={2011}}

@misc{LR_cm_systems,
    author = {Lloyd's Register},
    title= {Pump analytics - Condition monitoring of a sea water cooling pump},
    year = {2018},
    howpublished = {Personal Communication}
}

@InProceedings{Noise2Noise,
  title = 	 {{N}oise2{N}oise: Learning Image Restoration without Clean Data},
  author = 	 {Lehtinen, Jaakko and Munkberg, Jacob and Hasselgren, Jon and Laine, Samuli and Karras, Tero and Aittala, Miika and Aila, Timo},
  booktitle = 	 {Proceedings of the 35th International Conference on Machine Learning},
  pages = 	 {2965--2974},
  year = 	 {2018},
  editor = 	 {Dy, Jennifer and Krause, Andreas},
  volume = 	 {80},
  series = 	 {Proceedings of Machine Learning Research},
  address = 	 {Stockholmsmässan, Stockholm Sweden},
  month = 	 {10--15 Jul},
  publisher = 	 {PMLR},
  pdf = 	 {http://proceedings.mlr.press/v80/lehtinen18a/lehtinen18a.pdf},
  url = 	 {http://proceedings.mlr.press/v80/lehtinen18a.html},
  abstract = 	 {We apply basic statistical reasoning to signal reconstruction by machine learning - learning to map corrupted observations to clean signals - with a simple and powerful conclusion: it is possible to learn to restore images by only looking at corrupted examples, at performance at and sometimes exceeding training using clean data, without explicit image priors or likelihood models of the corruption. In practice, we show that a single model learns photographic noise removal, denoising synthetic Monte Carlo images, and reconstruction of undersampled MRI scans - all corrupted by different processes - based on noisy data only.}
}

@article{Embedded_WSN,
    title={IoT-based wireless induction motor monitoring}, DOI={10.1109/et.2017.8124386}, journal={2017 XXVI International Scientific Conference Electronics (ET)}, author={Sen, Mehmet and Kul, Basri}, year={2017}}
    
@article{Embedded_WSN2, 
    title={Embedded System Integrated Into a Wireless Sensor Network for Online Dynamic Torque and Efficiency Monitoring in Induction Motors}, volume={17}, DOI={10.1109/tmech.2012.2187354}, number={3}, journal={IEEE/ASME Transactions on Mechatronics}, author={Lima-Filho, Abel C. and Gomes, R. D. and Adissi, M. O. and Silva, Tássio Alessandro Borges Da and Belo, F. A. and Spohn, M. A.}, year={2012}, pages={404–414}}

@article{VIB_moosavian, 
    title={Fault diagnosis and classification of water pump using adaptive neuro-fuzzy inference system based on vibration signals}, volume={14}, DOI={10.1177/1475921715591873}, number={5}, journal={Structural Health Monitoring: An International Journal}, author={Moosavian, Ashkan and Khazaee, Meghdad and Ahmadi, Hojat and Khazaee, Majid and Najafi, Gholamhassan}, year={2015}, pages={402–410}}
    
@article{MCSA_Parks,
    title={Inter-turn stator winding fault diagnosis in three-phase induction motors, by Parks Vector approach}, DOI={10.1109/iemdc.1997.604083}, journal={1997 IEEE International Electric Machines and Drives Conference Record}, author={Cardoso, A.J.M and Cruz, S.M.A and Fonseca, D.S.B}, year={1997}}

@article{MCSA_Parks2,
    title={Rotor cage fault diagnosis in three-phase induction motors, by Parks vector approach}, DOI={10.1109/ias.1995.530360}, journal={IAS 95. Conference Record of the 1995 IEEE Industry Applications Conference Thirtieth IAS Annual Meeting}, author={Cardoso, A.J.M and Cruz, S.M.A and Carvalho, J.F.S and Saraiva, E.S}, year={1995}}

@article{MCSA_Review_Benbouzid, 
    title={A review of induction motors signature analysis as a medium for faults detection}, DOI={10.1109/iecon.1998.724016}, journal={IECON 98. Proceedings of the 24th Annual Conference of the IEEE Industrial Electronics Society (Cat. No.98CH36200)}, author={Benbouzid, Mohamed El Hachemi}, year={1998}}

@article{MCSA_case_studies,
    title={Case histories of current signature analysis to detect faults in induction motor drives}, DOI={10.1109/iemdc.2003.1210644}, journal={IEEE International Electric Machines and Drives Conference, 2003. IEMDC03.}, author={Thomson, W.t. and Fenger, M.}, year={2003}}
    
@article{MCSA_Parks_Extended,
    author = { S. M. A. Cruz, A. J. Marques Cardoso },
    title = {Rotor Cage Fault Diagnosis in Three-Phase Induction Motors by Extended Park's Vector Approach},
    journal = {Electric Machines \& Power Systems},
    volume = {28},
    number = {4},
    pages = {289-299},
    year  = {2000},
    publisher = {Taylor & Francis},
    doi = {10.1080/073135600268261},
    URL = {https://doi.org/10.1080/073135600268261},
    eprint = {https://doi.org/10.1080/07313560026826}
    }
    
@misc{Squirrel_Cage_Tutorial, 
    title="AN887 - AC Induction Motor Fundamentals", 
    url={http://www.microchip.com/wwwAppNotes/AppNotes.aspx?appnote=en012135}, journal={Microchip Technology Inc}, publisher={Microchip Technology Inc}, author={Parekh, Rakesh}, year={2003}}
    
@article{Embedded_ANN, 
    title={A Neural Network Embedded System for Real-time Estimation of Muscle Forces}, volume={51}, DOI={10.1016/j.procs.2015.05.196}, journal={Procedia Computer Science}, author={Lozito, Gabriele Maria and Schmid, Maurizio and Conforto, Silvia and Fulginei, Francesco Riganti and Bibbo, Daniele}, year={2015}, pages={60–69}}

@article{IoT_security, 
    title={IoT Security: Ongoing Challenges and Research Opportunities}, DOI={10.1109/soca.2014.58}, journal={2014 IEEE 7th International Conference on Service-Oriented Computing and Applications}, author={Zhang, Zhi-Kai and Cho, Michael Cheng Yi and Wang, Chia-Wei and Hsu, Chia-Wei and Chen, Chong-Kuan and Shieh, Shiuhpyng}, year={2014}}

@article{Embedded_Energy_Harvesting,
    title={Energy harvesting to power embedded condition monitoring hardware}, DOI={10.1117/12.2083852}, journal={Industrial and Commercial Applications of Smart Structures Technologies 2015}, author={Farinholt, Kevin and Brown, Nathan and Siegel, Jake and Mcquown, Justin and Humphris, Robert}, year={2015}, month={Jan}}

@article{Embedded_Comms, 
    title={A survey of communication protocols in modern embedded condition monitoring systems}, volume={19}, DOI={10.29354/diag/86409}, number={2}, journal={Diagnostyka}, author={Staszewski, Wojciech and Jabłoński, Adam and Dziedziech, Kajetan}, year={2018}, pages={53–62}}

@conference{Smart_Bearings_1,
  author = {I Bashir, L Wang, T Harvey, B Zaghari, A Weddell, N White}, 
  title        = {Integrated smart bearings for next generation aero-engines Part 1: Development of a sensor suite for automatic bearing health monitoring},
  booktitle    = {First World Congress on Condition Monitoring 2017: Condition monitoring (CM) methods and technologies},
  year         = 2017,
  address      = {London, United Kingdom},
}

@manual{CMlab,
    organization  = "University of Southampton",
    title         = "Remote Access Laboratory: Vibration Monitoring Demonstrator",
    year          =  2014,
}

@misc{CMlab_motor,
    title={ABB M2VA Induction Motor Datasheet}, url={https://new.abb.com/products/ABB3GVA062002-BSA}, journal={ABB Group - Leading digital technologies for industry}, author={ABB}}

@misc{CMlab_accelerometer,
    title={Industrial Accelerometers}, url={https://www.omega.com/pptst/ACC786A.html}, journal={Omega Engineering}, author={Omega Engineering}}
    
@article{Fixed_point_FFT, 
    title={Fixed-point fast Fourier transform error analysis}, volume={24}, DOI={10.1109/tassp.1976.1162875}, number={6}, journal={IEEE Transactions on Acoustics, Speech, and Signal Processing}, author={Tran-Thong and Liu, Bede}, year={1976}, pages={563–573}}

@article{Fixed_point_FFT_accuracy,
    title={On the Fixed-Point Accuracy Analysis of FFT Algorithms}, volume={56}, DOI={10.1109/tsp.2008.924637}, number={10}, journal={IEEE Transactions on Signal Processing}, author={Chang, Wei-Hsin and Nguyen, T.q.}, year={2008}, pages={4673–4682}}

@manual{KissFFT,
    title="Kiss FFT", url={https://sourceforge.net/projects/kissfft/}, journal={SourceForge}, author={Borgerding, Mark}, year={2013}, month={Jun}}

@techreport{MSP432_Launchpad,
    author = {Texas Instruments},
    type = {User's Guide},
    year = {2018},
    title = {MSP432P401R SimpleLink Microcontroller LaunchPad\textsuperscript{TM} Developement Kit (MSP-EXP432P401R)},
    institution = {Texas Instruments}
    }

@techreport{Qmath,
    author = {Texas Instruments},
    year = {2015},
    title = {MSP430\textregistered IQmathLib Users Guide Version},
    volume = {01.10.00.05},
    institution = {Texas Instruments}
    }
    
@techreport{MSP432_Datasheet,
    author = {Texas Instruments},
    year = {2017},
    title = {MSP432P401R, MSP432P401M SimpleLink\textsuperscript{TM} Mixed-Signal Microcontrollers},
    volume = {SLAS826G},
    institution = {Texas Instruments}
    }


@article{MEMS_testing,
    title={Suitability of MEMS Accelerometers for Condition Monitoring: An experimental study}, volume={8}, DOI={10.3390/s8020784}, number={2}, journal={Sensors}, author={Albarbar, Alhussein and Mekid, Samir and Starr, Andrew and Pietruszkiewicz, Robert}, year={2008}, month={Jun}, pages={784–799}}

@article{MEMS_testing2,
    title={Performance evaluation of MEMS accelerometers}, volume={42}, DOI={10.1016/j.measurement.2008.12.002}, number={5}, journal={Measurement}, author={Albarbar, A. and Badri, A. and Sinha, Jyoti K. and Starr, A.}, year={2009}, pages={790–795}}

@manual{ADXL354,
    organization  = "Analog Devices",
    title         = "ADXL354/ADXL355",
    year          =  2018,
    month         =  {Apr},    
    note          = "Rev. 0"
}

@manual{MMA7361,
    organization  = "Freescale Semiconductor",
    title         = "MMA7361L",
    year          =  2008,
    month         =  {Apr},    
    note          = "Rev. 0"
}

@manual{ADXL1002,
    organization  = "Analog Devices",
    title         = "ADXL1001/ADXL1002",
    year          =  2017,
    month         =  {Mar},    
    note          = "Rev. 0"
}

@manual{Frederiksen,
    organization  = "Frederiksen",
    title         = "Instruction Manual for the Vibration Generator no. 2185.00",
    year          =  2014,
    month         =  {Jul},    
    note          = "Rev. 0"
}


@manual{CT1,
    organization  = "LEM",
    title         = "Current Transducer HO-P/SP33 Series",
    year          =  2014,
    month         =  {Oct},    
    note          = "Version 2"
}

@manual{CT2,
    organization  = "LEM",
    title         = "Current Transducer HO-P Series",
    year          =  2015,
    month         =  {July},    
    note          = "Version 5"
}

@manual{Ammeter_certificate,
    organization  = "Sagamo Western Laboratory",
    title         = "Certificate A.C Ammeter Model S.81 No.AL33433",
    year          =  1959,
    month         =  {Feb}
}
    
@misc{CMSIS_DSP,
    title={Complex FFT Functions}, url={http://www.keil.com/pack/doc/CMSIS/DSP/html/group__ComplexFFT.html}, journal={Keil Embedded Development Tools for Arm, Cortex-M, Cortex-R4, 8051, C166, and 251 processor families.}, publisher={CMSIS}, author={Ltd, Arm}, year={2018}, month={Feb}}

@misc{NMEA_datasheet, 
    title={The NMEA 0183 Information sheet - actisense.com}, url={https://www.actisense.com/wp-content/uploads/2017/07/NMEA-0183-Information-sheet-issue-4-1-1.pdf}, author={Actisense}}

@misc{NMEA_website, 
    title={NMEA data},
    url={http://www.gpsinformation.org/dale/nmea.htm}, journal={NMEA data}, author={DePriest, Dale}}
    
@techreport{BS7917-1999,
    author = {BSI},
    type = {Standard},
    key = {BSI 7917:1999},
    year = {1999},
    title = {Elastomer insulated fire resistant (limited circuit integrity) cables for fixed wiring in ships and on mobile and fixed offshore units},
    volume = {1999},
    address = {London, UK},
    institution = {British Standards Institution}
    }
    
@techreport{BS61076,
    author = {BSI},
    type = {Standard},
    key = {BS EN 61076-3-122:2017},
    year = {2017},
    title = {Connectors for electrical and electronic equipment},
    volume = {2017},
    address = {London, UK},
    institution = {British Standards Institution}
    }

@misc{EnergyTrace, 
    title={MSP430 Advanced Power Optimizations: ULP Advisor™ Software and EnergyTrace™ Technology}, url={http://www.ti.com/lit/an/slaa603/slaa603.pdf}, journal={MSP430™ Advanced Power Optimizations: ULP Advisor™ Software and EnergyTrace™ Technology}, publisher={Texas Instruments}, year={2014}, month={Jun}}

@misc{PythonNmea2, 
    title={Pynmea2},
    url={https://github.com/Knio/pynmea2}, journal={Github Library}, author={Flanagan, Tom}}    

@article{FutureInternet,
title = "Future Internet technologies for environmental applications",
journal = "Environmental Modelling \& Software",
volume = "78",
pages = "1 - 15",
year = "2016",
issn = "1364-8152",
doi = "https://doi.org/10.1016/j.envsoft.2015.12.015",
url = "http://www.sciencedirect.com/science/article/pii/S1364815215301298",
author = "Carlos Granell and Denis Havlik and Sven Schade and Zoheir Sabeur and Conor Delaney and Jasmin Pielorz and Thomas Usländer and Paolo Mazzetti and Katharina Schleidt and Mike Kobernus and Fuada Havlik and Nils Rune Bodsberg and Arne Berre and Jose Lorenzo Mon",
keywords = "Environmental informatics, Environmental observation web, Future internet, Cloud computing, Internet of things, Big data, Environmental specific enablers, Volunteered geographic information, Crowdtasking"
}

@article{CM_cloud, 
    title={Condition Monitoring in the Cloud}, volume={38}, DOI={10.1016/j.procir.2015.08.075}, journal={Procedia CIRP}, author={Uhlmann, E. and Laghmouchi, A. and Hohwieler, E. and Geisert, C.}, year={2015}, pages={53–57}}

